%% crypto %
%@proceedings{1986/odlyzko-crypto,
%	year	= {1986},
%	editor	= {Andrew M. Odlyzko},
%	title = {Advances in Cryptology --- {CRYPTO}'86, Proceedings},
%	series	= {Lecture Notes in Computer Science},
%	volume	= {263},
%	publisher = {Springer},
%}
%
@proceedings{2001/kilian-crypto2001,
	year	= {2001},
	editor	= {Joe Kilian},
	title = {Advances in Cryptology --- {CRYPTO} 2001, 21st Annual International Cryptology Conference, Santa Barbara, California, USA, August 19--23, 2001, Proceedings},
	series	= {Lecture Notes in Computer Science},
	volume	= {2139},
	publisher = {Springer},
	isbn	= {3-540-42456-3},
}
%
%@proceedings{2002/yung-crypto,
%	year	= {2002},
%	editor	= {Moti Yung},
%	title = {Advances in Cryptology --- {CRYPTO} 2002, 22nd Annual International Cryptology Conference, Santa Barbara, California, USA, August 18--22, 2002, Proceedings},
%	series	= {Lecture Notes in Computer Science},
%	volume	= {2442},
%	publisher = {Springer},
%}
%
%@proceedings{2004/franklin-crypto,
%	year	= {2004},
%	editor	= {Matthew K. Franklin},
%	title = {Advances in Cryptology --- {CRYPTO} 2004, 24th Annual International Cryptology Conference, Santa Barbara, California, USA, August 15--19, 2004, Proceedings},
%	series	= {Lecture Notes in Computer Science},
%	volume	= {3152},
%	publisher = {Springer},
%	isbn	= {3-540-22668-0},
%}
@proceedings{2016/crypto2016p1,
	year	= {2016},
	editor	= {Matthew Robshaw and Jonathan Katz},
	title	= {Advances in Cryptology --- {CRYPTO} 2016, 36th Annual International Cryptology Conference, Santa Barbara, CA, USA, August 14--18, 2016, Proceedings, Part {I}},
	series	= {Lecture Notes in Computer Science},
	volume	= {9814},
	publisher = {Springer},
}

%
%%%%%%%%%%%%%%%%%%%%%%%%%%%%%%%%%%%%%%%%%%%%%%%%%%%
%
%% eurocrypt %
%@proceedings{1994/santis-eurocrypt,
%	year	= {1994},
%	editor	= {Alfredo De Santis},
%	title = {Advances in Cryptology---{EUROCRYPT 1994}, Workshop on the Theory and Application of Cryptographic Techniques,
%		Perugia, Italy, May 9-12, 1994, proceedings},
%	series	= {Lecture Notes in Computer Science},
%	volume	= {950},
%	publisher = {Springer},
%	isbn	= {3-540-60176-7},
%}
%
@proceedings{2002/knudsen-eurocrypt,
	year	= {2002},
	editor	= {Lars R. Knudsen},
	title = {Advances in Cryptology - {EUROCRYPT} 2002, International Conference on the Theory and Applications of Cryptographic Techniques,
		Amsterdam, The Netherlands, April 28 - May 2, 2002, proceedings},
	series	= {Lecture Notes in Computer Science},
	volume	= {2332},
	publisher = {Springer},
	isbn	= {3-540-43553-0},
}

@proceedings{2005/cramer,
	year	= {2005},
	editor	= {Ronald Cramer},
	title = {Advances in Cryptology --- {EUROCRYPT} 2005, 24th Annual International Conference on the Theory and Applications of Cryptographic Techniques,
		Aarhus, Denmark, May 22--26, 2005, Proceedings},
	series	= {Lecture Notes in Computer Science},
	volume	= {3494},
	publisher = {Springer},
	isbn	= {3-540-25910-4},
}
%
%@proceedings{2011/paterson-eurocrypt,
%	year	= {2011},
%	editor	= {Kenneth G. Paterson},
%	title = {Advances in Cryptology---{EUROCRYPT} 2011 - 30th Annual International Conference on the Theory and Applications of Cryptographic Techniques,
%               Tallinn, Estonia, May 15-19, 2011, proceedings},
%	series	= {Lecture Notes in Computer Science},
%	volume	= {6632},
%	publisher = {Springer},
%	isbn	= {978-3-642-20464-7},
%}

@proceedings{2015/eurocrypt2015p1,
	year	= {2015},
	editor	= {Elisabeth Oswald and Marc Fischlin},
	title	= {Advances in Cryptology --- {EUROCRYPT} 2015, 34th Annual International Conference on the Theory and Applications of Cryptographic Techniques,
		Sofia, Bulgaria, April 26--30, 2015, Proceedings, Part {I}},
	series	= {Lecture Notes in Computer Science},
	volume	= {9056},
	publisher = {Springer},
}

%
%%%%%%%%%%%%%%%%%%%%%%%%%%%%%%%%%%%%%%%%%%%%%%%%%%%
%
%% asiacrypt %
@proceedings{2002/zheng,
	year	= {2002},
	editor	= {Yuliang Zheng},
	title = {Advances in Cryptology -- {ASIACRYPT} 2002, 8th International Conference on the Theory and Application of Cryptology and Information Security,
		Queenstown, New Zealand, December 1--5, 2002, Proceedings},
	series	= {Lecture Notes in Computer Science},
	volume	= {2501},
	publisher = {Springer},
	isbn	= {3-540-00171-9},
}

@proceedings{2007/asia2007,
	year	= {2007},
	editor	= {Kaoru Kurosawa},
	title	= {Advances in Cryptology --- {ASIACRYPT} 2007, 13th International Conference on the Theory and Application of Cryptology and Information Security,
		Kuching, Malaysia, December 2--6, 2007, Proceedings},
	series	= {Lecture Notes in Computer Science},
	volume	= {4833},
	publisher = {Springer},
}

%@proceedings{2010/abe-asiacrypt,
%	year	= {2010},
%	editor	= {Masayuki Abe},
%	title = {Advances in Cryptology---{ASIACRYPT} 2010 - 16th International Conference on the Theory and Application of Cryptology and Information Security,
%		Singapore, December 5-9, 2010, proceedings},
%	series	= {Lecture Notes in Computer Science},
%	volume	= {6477},
%	publisher = {Springer},
%	isbn	= {978-3-642-17372-1},
%}

@proceedings{2015/asiacrypt2015p2,
	year	= {2015},
	editor	= {Tetsu Iwata and Jung Hee Cheon},
	title	= {Advances in Cryptology --- {ASIACRYPT} 2015, 21st International Conference on the Theory and Application of Cryptology and Information Security,
		Auckland, New Zealand, November 29 - December 3, 2015, Proceedings, Part {II}},
	series    = {Lecture Notes in Computer Science},
	volume    = {9453},
	publisher = {Springer},
}

%
%%%%%%%%%%%%%%%%%%%%%%%%%%%%%%%%%%%%%%%%%%%%%%%%%%%
%
%% ches %
@proceedings{2001/koc-ches2001,
	year	= {2001},
	editor	= {\c{C}etin Kaya Ko\c{c} and David Naccache and Christof Paar},
	title = {Cryptographic hardware and embedded systems---CHES 2001, third international workshop, Paris, France, May 14--16, 2001, proceedings},
	series	= {Lecture Notes in Computer Science},
	volume	= {2162},
	publisher = {Springer},
	isbn	= {3-540-42521-7},
}
%
%@proceedings{2002/kaliski-ches2002,
%	year	= {2002},
%	editor	= {Burton S. Kaliski Jr. and \c{C}etin Kaya Ko\c{c} and Christof Paar},
%	title = {Cryptographic Hardware and Embedded Systems---{CHES} 2002, 4th International Workshop, Redwood Shores, California, USA, August 13-15, 2002, Revised Papers},
%	series	= {Lecture Notes in Computer Science},
%	volume	= {2523},
%	publisher = {Springer},
%	isbn	= {3-540-00409-2},
%}
%
%%%%%%%%%%%%%%%%%%%%%%%%%%%%%%%%%%%%%%%%%%%%%%%%%%%
%
%% latin %
%@proceedings{2010/abdalla-latin,
%	year	= {2010},
%	editor	= {Michel Abdalla and Paulo S. L. M. Barreto},
%	title = {Progress in Cryptology---{LATINCRYPT} 2010, First International Conference on Cryptology and Information Security in Latin America,
%		Puebla, Mexico, August 8-11, 2010, proceedings},
%	series	= {Lecture Notes in Computer Science},
%	volume	= {6212},
%	publisher = {Springer},
%	isbn	= {978-3-642-14711-1},
%}
%
%@proceedings{2012/hevia-latin,
%	year	= {2012},
%	editor	= {Alejandro Hevia and Gregory Neven},
%	title = {Progress in Cryptology---{LATINCRYPT} 2012 - 2nd International Conference on Cryptology and Information Security in Latin America,
%		Santiago, Chile, October 7-10, 2012, proceedings},
%	series	= {Lecture Notes in Computer Science},
%	volume	= {7533},
%	publisher = {Springer},
%	isbn	= {978-3-642-33480-1},
%}
%
@proceedings{2015/latin,
	editor	= {Kristin E. Lauter and
			Francisco Rodr{\'{\i}}guez{-}Henr{\'{\i}}quez},
	title = {Progress in Cryptology --- {LATINCRYPT} 2015, 4th International Conference on Cryptology and Information Security in Latin America,
			Guadalajara, Mexico, August 23--26, 2015, Proceedings},
	series    = {Lecture Notes in Computer Science},
	volume    = {9230},
	publisher = {Springer},
	year      = {2015},
}
%
%%%%%%%%%%%%%%%%%%%%%%%%%%%%%%%%%%%%%%%%%%%%%%%%%%%
%
%% africa %
%@proceedings{2008/vaudenay-africa,
%	year	= {2008},
%	editor	= {Serge Vaudenay},
%	title = {Progress in Cryptology - {AFRICACRYPT} 2008, First International Conference on Cryptology in Africa, Casablanca, Morocco, June 11-14, 2008, proceedings},
%	series	= {Lecture Notes in Computer Science},
%	volume	= {5023},
%	publisher = {Springer},
%	isbn	= {978-3-540-68159-5},
%}
%
%@proceedings{2011/africa2011,
%	year	= {2011},
%	editor	= {Abderrahmane Nitaj and David Pointcheval},
%	title = {Progress in Cryptology - {AFRICACRYPT} 2011, 4th International Conference on Cryptology in Africa, Dakar, Senegal, July 5-7, 2011. Proceedings},
%	series	= {Lecture Notes in Computer Science},
%	volume	= {6737},
%	publisher = {Springer},
%}
%
%%%%%%%%%%%%%%%%%%%%%%%%%%%%%%%%%%%%%%%%%%%%%%%%%%%
%
%% indocrypt %
@proceedings{2008/indo2008,
	year	= {2008},
	editor	= {Dipanwita Roy Chowdhury and
			Vincent Rijmen and
			Abhijit Das},
	title	= {Progress in Cryptology --- {INDOCRYPT} 2008, 9th International Conference on Cryptology in India, Kharagpur, India, December 14--17, 2008. Proceedings},
	series	= {Lecture Notes in Computer Science},
	volume	= {5365},
	publisher = {Springer},
}
%
%%%%%%%%%%%%%%%%%%%%%%%%%%%%%%%%%%%%%%%%%%%%%%%%%%%
%
%% pairing %
@proceedings{2008/pairing2008,
	year	= {2008},
	editor	= {Steven D. Galbraith and Kenneth G. Paterson},
	title	= {Pairing-Based Cryptography --- Pairing 2008, Second International Conference, Egham, UK, September 1--3, 2008, Proceedings},
	series	= {Lecture Notes in Computer Science},
	volume	= {5209},
	publisher = {Springer},
}

@proceedings{2009/shacham-pairing,
	year	= {2009},
	editor	= {Hovav Shacham and Brent Waters},
	title = {Pairing-Based Cryptography --- Pairing 2009, Third International Conference, Palo Alto, California, USA, August 12--14, 2009, proceedings},
	series	= {Lecture Notes in Computer Science},
	volume	= {5671},
	publisher = {Springer},
	isbn	= {978-3-642-03297-4},
}
%
%@proceedings{2010/joye-pairing2010,
%	editor	= {Marc Joye and Atsuko Miyaji and Akira Otsuka},
%	title = {Pairing-Based Cryptography---Pairing 2010 - 4th International Conference,
%               Yamanaka Hot Spring, Japan, December 2010, proceedings},
%	series	= {Lecture Notes in Computer Science},
%	volume	= {6487},
%	publisher = {Springer},
%	year	= {2010},
%	isbn	= {978-3-642-17454-4},
%}
%
%@proceedings{2013/cao-pairing2013,
%	year	= {2014},
%	editor	= {Zhenfu Cao and Fangguo Zhang},
%	title = {Pairing-Based Cryptography---Pairing 2013 - 6th International Conference,
%		Beijing, China, November 22-24, 2013, revised selected papers},
%	series	= {Lecture Notes in Computer Science},
%	volume	= {8365},
%	publisher = {Springer},
%	isbn	= {978-3-319-04872-7},
%}
%
%%%%%%%%%%%%%%%%%%%%%%%%%%%%%%%%%%%%%%%%%%%%%%%%%%%
%
%% sac %
@proceedings{2003/sac2003,
	year	= {2004},
	editor	= {Mitsuru Matsui and Robert J. Zuccherato},
	title	= {Selected Areas in Cryptography, 10th Annual International Workshop, {SAC} 2003, Ottawa, Canada, August 14--15, 2003, Revised Papers},
	series	= {Lecture Notes in Computer Science},
	volume	= {3006},
	publisher = {Springer},
}

@proceedings{2006/preneel-sac2005,
	editor = {Bart Preneel and Stafford E. Tavares},
	title = {Selected Areas in Cryptography, 12th International Conference, {SAC} 2005, Kingston, ON, Canada, August 11--12, 2005, Revised Selected Papers},
	series = {Lecture Notes in Computer Science},
	volume = {3897},
	publisher = {Springer},
	year	= {2006},
	isbn	= {3-540-33108-5},
}

@proceedings{2014/lange-sac2013,
	year	= {2014},
	editor	= {Tanja Lange and Kristin Lauter and Petr Lisonek},
	title	= {Selected areas in cryptography, 20th international conference, {SAC} 2013, Burnaby, BC, Canada, August 14--16, 2013, Revised Selected Papers},
	series	= {Lecture Notes in Computer Science},
	volume	= {8282},
	publisher = {Springer},
	isbn	= {978-3-662-43413-0},
}

%%%%%%%%%%%%%%%%%%%%%%%%%%%%%%%%%%%%%%%%%%%%%%%%%%%
%
%% ants %
@proceedings{2000/bosma-ants,
	year	= {2000},
	editor	= {Wieb Bosma},
	title = {Algorithmic Number Theory, 4th International Symposium, ANTS-IV, Leiden, The Netherlands, July 2--7, 2000, proceedings},
	series	= {Lecture Notes in Computer Science},
	volume	= {1838},
	publisher = {Springer},
	isbn	= {3-540-67695-3},
}
%
%@proceedings{2006/hess-ants,
%	year	= {2006},
%	editor	= {Florian Hess and Sebastian Pauli and Michael E. Pohst},
%	title = {Algorithmic Number Theory, 7th International Symposium, ANTS-VII, Berlin, Germany, July 23-28, 2006, proceedings},
%	series	= {Lecture Notes in Computer Science},
%	volume	= {4076},
%	publisher = {Springer},
%	isbn	= {3-540-36075-1},
%}
%
%%%%%%%%%%%%%%%%%%%%%%%%%%%%%%%%%%%%%%%%%%%%%%%%%%%
%
%% others %
%@proceedings{2006/pointcheval,
%	editor	= {David Pointcheval},
%	title = {Topics in Cryptology---{CT-RSA} 2006, The Cryptographers' Track at the {RSA} Conference 2006, San Jose, California, USA, February 13-17, 2006, proceedings},
%	series	= {Lecture Notes in Computer Science},
%	volume	= {3860},
%	publisher = {Springer},
%	year	= {2006},
%	isbn	= {3-540-31033-9},
%}
%
%@proceedings{2010/icisc2010,
%	year	= {2011},
%	editor	= {Kyung Hyune Rhee and DaeHun Nyang},
%	title	= {Information Security and Cryptology -- {ICISC} 2010 -- 13th International Conference, Seoul, Korea, December 1-3, 2010, Revised Selected Papers},
%	series	= {Lecture Notes in Computer Science},
%	volume	= {6829},
%	publisher = {Springer},
%}
%
%@proceedings{2011/chen,
%	year	= {2011},
%	editor	= {Liqun Chen},
%	title = {Cryptography and Coding - 13th {IMA} International Conference, {IMACC} 2011, Oxford, UK, December 12-15, 2011, proceedings},
%	series	= {Lecture Notes in Computer Science},
%	volume	= {7089},
%	publisher = {Springer},
%	isbn	= {978-3-642-25515-1},
%}
@proceedings{2010/pkc2010,
	editor	= {Phong Q. Nguyen and David Pointcheval},
	title	= {Public Key Cryptography --- {PKC} 2010, 13th International Conference on Practice and Theory in Public Key Cryptography, Paris, France, May 26--28, 2010. Proceedings},
	series	= {Lecture Notes in Computer Science},
	volume	= {6056},
	publisher = {Springer},
	year	= {2010},
}
%
%@proceedings{2012/wisa2012,
%	year	= {2012},
%	editor	= {Dong Hoon Lee and Moti Yung},
%	title	= {Information Security Applications -- 13th International Workshop, {WISA} 2012, Jeju Island, Korea, August 16-18, 2012, Revised Selected Papers},
%	series	= {Lecture Notes in Computer Science},
%	volume	= {7690},
%	publisher = {Springer},
%}
%
%@proceedings{2013/jacobson-acns,
%	year	= {2013},
%	editor	= {Michael J. Jacobson Jr. and Michael E. Locasto and Payman Mohassel and Reihaneh Safavi{-}Naini},
%	title = {Applied Cryptography and Network Security - 11th International Conference,
%               {ACNS} 2013, Banff, AB, Canada, June 25-28, 2013. Proceedings},
%	series	= {Lecture Notes in Computer Science},
%	volume	= {7954},
%	publisher = {Springer},
%	isbn	= {978-3-642-38979-5},
%}
%
%%%%%%%%%%%%%%%%%%%%%%%%%%%%%%%%%%%%%%%%%%%%%%%%%%%%%%%%%%%%%%%%%%%%%%%%%%%%%%%%%%%%%%%%%%%%%%%%%%%%%
%
@article{2004/boneh,
	year	= {2004},
	author	= {Dan Boneh and Ben Lynn and Hovav Shacham},
	title	= {{Short signatures from the {Weil} pairing}},
	journal	= {Journal of Cryptology},
	publisher = {Springer},
	volume	= {17},
	number	= {4},
	pages	= {297--319},
	note	= {\url{http://crypto.stanford.edu/~dabo/pubs/papers/weilsigs.ps}},
}
%
%@article{2004/granger,
%	year	= {2004},
%	author	= {Robert Granger and Dan Page and Martijn Stam},
%	title	= {{On Small Characteristic Algebraic Tori in Pairing-Based Cryptography}},
%	journal	= {IACR Cryptology ePrint Archive},
%	pages	= {132},
%	note	= {\url{http://eprint.iacr.org/2004/132}},
%}
%

@article{2004/miller,
	year	= {2004},
	author	= {Victor S. Miller},
	title	= {The Weil Pairing, and Its Efficient Calculation},
	journal	= {Journal of Cryptology},
	volume	= {17},
	number	= {4},
	pages	= {235--261},
}

@article{2004/joux-tripartite,
	year	= {2004},
	author	= {Antoine Joux},
	title	= {{A One Round Protocol for Tripartite {D}iffie-{H}ellman}},
	journal	= {Journal of Cryptology},
	volume	= {17},
	number	= {4},
	pages	= {263--276},
	publisher = {Springer},
}

@article{2006/hess,
	year	= {2006},
	author	= {Florian Hess and Nigel P. Smart and Frederik Vercauteren},
	title	= {{The Eta Pairing Revisited}},
	journal	= {IEEE Transactions on Information Theory},
	volume	= {52},
	number	= {10},
	pages	= {4595--4602},
	note	= {\url{http://eprint.iacr.org/2006/110}},
}

@article{2007/edwards,
	year	= {2007},
	author	= {Harold M. Edwards},
	title	= {{A normal form for elliptic curves}},
	journal	= {Bulletin of the American Mathematical Society},
	volume	= {44},
	pages	= {393--422},
	note	= {\url{http://www.ams.org/bull/2007-44-03/S0273-0979-07-01153-6/home.html}},
}

@article{2008/lin,
	year	= {2008},
	author	= {Xibin Lin and Changan Zhao and Fangguo Zhang and Yanming Wang},
	title	= {{Computing the Ate Pairing on Elliptic Curves with Embedding Degree \emph{k} = 9}},
	journal	= {{IEICE} Transactions},
	volume	= {91-A},
	number	= {9},
	pages	= {2387--2393},
}

@article{2009/fastertate,
	author	= {Christophe Arene and
			Tanja Lange and
			Michael Naehrig and
			Christophe Ritzenthaler},
	title	= {{Faster Computation of the Tate Pairing}},
	journal	= {{IACR} Cryptology ePrint Archive},
	volume	= {2009},
	pages	= {155},
	year	= {2009},
	note	= {\url{http://eprint.iacr.org/2009/155}},
}

@article{2009/deg15,
	year	= {2009},
	author	= {Nadia El Mrabet and Nicolas Guillermin and Sorina Ionica},
	title	= {A study of pairing computation for elliptic curves with embedding degree 15},
	journal	= {{IACR} Cryptology ePrint Archive},
	volume	= {2009},
	pages	= {370},
	note	= {\url{http://eprint.iacr.org/2009/370}},
}

@article{2010/freeman,
	year	= {2010},
	author	= {David Freeman and Michael Scott and Edlyn Teske},
	title	= {{A Taxonomy of Pairing-Friendly Elliptic Curves}},
	journal	= {Journal of Cryptology},
	publisher = {Springer},
	volume	= {23},
	number	= {2},
	pages	= {224--280},
	note	= {\url{http://eprint.iacr.org/2006/372/}},
}
%
%@article{2010/vercauteren,
%	year	= {2010},
%	author	= {Frederik Vercauteren},
%	title	= {{Optimal Pairings}},
%	journal	= {IEEE Transactions on Information Theory},
%	volume	= {56},
%	number	= {1},
%	note	= {\url{http://www.cosic.esat.kuleuven.be/publications/article-1039.pdf}},
%}
%
%@article{2011/chatterjee,
%	year	= {2011}, 
%	author	= {Sanjit Chatterjee and Alfred Menezes},
%	title	= {{On cryptographic protocols employing asymmetric pairings -- The role of $\Psi$ revisited}},
%	journal	= {Discrete Applied Mathematics}, 
%	volume	= {159},
%	pages	= {1311--1322},
%	note	= {\url{http://eprint.iacr.org/2009/480/}},
%}
%
%@article{2011/pereira,
%	year	= {2011},
%	author	= {Geovandro C.C.F. Pereira and Marcos A. Simpl\'icio Jr and Michael Naehrig and Paulo S.L.M. Barreto},
%	title	= {{A Family of Implementation-Friendly {BN} Elliptic Curves}},
%	journal	= {Journal of Systems and Software},
%	publisher = {Elsevier},
%	volume	= {84},
%	number	= {8},
%	pages	= {1319--1326},
%	note	= {\url{http://cryptojedi.org/papers/\#fast-bn}},
%}
%
%@article{2012/groth,
%	year	= {2012},
%	author	= {Jens Groth and Amit Sahai},
%	title	= {{Efficient Noninteractive Proof Systems for Bilinear Groups}},
%	journal	= {SIAM Journal on Computing},
%	volume	= {41},
%	number	= {5},
%	pages	= {1193--1232},
%	note	= {\url{http://www0.cs.ucl.ac.uk/staff/J.Groth/WImoduleFull.pdf}},
%}
%
%@article{2013/akinyele,
%	year	= {2013},
%	author	= {Joseph A. Akinyele and Christina Garman and Ian Miers and Matthew W. Pagano and Michael Rushanan and Matthew Green and Aviel D. Rubin},
%	title	= {{Charm: a framework for rapidly prototyping cryptosystems}},
%	journal	= {Journal Cryptographic Engineering},
%	publisher = {Springer},
%	volume	= {3},
%	number	= {2},
%	pages	= {111--128},
%	note	= {\url{http://eprint.iacr.org/2011/617/}},
%}

@article{2016/degodd,
	year	= {2016},
	author	= {Emmanuel Fouotsa and Nadia El Mrabet and Aminatou Pecha},
	title	= {Optimal Ate Pairing on Elliptic Curves with Embedding Degree 9, 15 and 27},
	journal	= {{IACR} Cryptology ePrint Archive},
	volume	= {2016},
	pages	= {1187},
	note	= {\url{http://eprint.iacr.org/2016/1187}},
}

@article{2017/degreeone,
	year	= {2017},
	author	= {Sanjit Chatterjee and Alfred Menezes and Francisco Rodr{\'{\i}}guez{-}Henr{\'{\i}}quez},
	title	= {On Instantiating Pairing-Based Protocols with Elliptic Curves of Embedding Degree One},
	journal	= {{IEEE} Trans. Computers},
	volume	= {66},
	number	= {6},
	pages	= {1061--1070},
}

@article{2017/keysize,
	year	= {2017},
	author	= {Razvan Barbulescu and Sylvain Duquesne},
	title	= {{Updating key size estimations for pairings}},
	journal	= {IACR Cryptology ePrint Archive},
	pages	= {334},
	note	= {\url{http://eprint.iacr.org/2017/334}},
}
%
%%%%%%%%%%%%%%%%%%%%%%%%%%%%%%%%%%%%%%%%%%%%%%%%%%%%%%%%%%%%%%%%%%%%%%%%%%%%%%%%%%%%%%%%%%%%%%%%%%%%%
%
%@misc{2012/adj,
%	year	= {2012},
%	author	= {Gora Adj and Francisco Rodr\'iguez-Henr\'iquez},
%	title	= {{Square root computation over even extension fields}},
%	howpublished = {Cryptology ePrint Archive, Report 2012/685},
%	note	= {\url{http://eprint.iacr.org/}},
%}
%
%@misc{2013/adj,
%	year	= {2013},
%	author	= {Gora Adj and Alfred Menezes and Thomaz Oliveira and Francisco Rodr\'iguez-Henr\'iquez},
%	title	= {{Weakness of $\mbox{${\mathbb F}$}_{3^{6 \cdot 509}}$ for Discrete Logarithm Cryptography}},
%	howpublished = {Cryptology ePrint Archive, Report 2013/446},
%	note	= {\url{http://eprint.iacr.org/2013/446/}},
%}
%
%@misc{2013/barbulescu,
%	year	= {2013},
%	author	= {Razvan Barbulescu and Pierrick Gaudry and Antoine Joux and Emmanuel Thom\'e},
%	title	= {{A quasi-polynomial algorithm for discrete logarithm in finite fields of small characteristic}},
%	howpublished = {Cryptology ePrint Archive, Report 2013/400},
%	note	= {\url{http://eprint.iacr.org/2013/400/}},
%}
%
%@misc{2013/mitsunari,
%	year	= {2013},
%	author	= {Shigeo Mitsunari},
%	title	= {{A Fast Implementation of the Optimal Ate Pairing over {BN} curve on {Intel Haswell} Processor}},
%	howpublished = {Cryptology ePrint Archive, Report 2013/362},
%	note	= {\url{http://eprint.iacr.org/2013/362/}},
%}
%
%@misc{gmp,
%	key	= {gmp},
%	title	= {The {GNU MP} library},
%	note	= {\url{http://gmplib.org/} (accessed 2013-11-02)} ,
%}
%
%@misc{miracl,
%	author	= {Certivox},
%	title	= {{MIRACL Cryptographic SDK}},
%	howpublished = {\url{http://www.certivox.com/miracl}},
%}
%
%@misc{pbc,
%	author	= {Ben Lynn},
%	title	= {{{PBC} Library -- The Pairing-Based Cryptography Library}},
%	howpublished = {\url{http://crypto.stanford.edu/pbc/}},
%}
%
%@misc{relic,
%	author	= {D. F. Aranha and C. P. L. Gouv\^{e}a},
%	title	= {{RELIC is an Efficient LIbrary for Cryptography}},
%	howpublished = {\url{http://code.google.com/p/relic-toolkit/}},
%}
%
%%%%%%%%%%%%%%%%%%%%%%%%%%%%%%%%%%%%%%%%%%%%%%%%%%%%%%%%%%%%%%%%%%%%%%%%%%%%%%%%%%%%%%%%%%%%%%%%%%%%%
%
%% crypto %
%@inproceedings{1986/barrett,
%	year	= {1986},
%	author	= {Paul Barrett},
%	title	= {{Implementing the {Rivest}, {Shamir} and {Adleman} Public Key Encryption Algorithm on a Standard Digital Signal Processor}},
%	booktitle = {CRYPTO 1986 \cite{1986/odlyzko-crypto}},
%	pages	= {311--323},
%}
%
%	booktitle = {CRYPTO 2001},
@inproceedings{2001/boneh,
	year	= {2001},
	author	= {Dan Boneh and Matthew K. Franklin},
	title	= {{Identity-Based Encryption from the {W}eil Pairing}},
	booktitle = {CRYPTO 2001~\cite{2001/kilian-crypto2001}},
	pages	= {213--229},
	note	= {\url{http://www.iacr.org/archive/crypto2001/21390212.pdf}},
}
%
%@inproceedings{2002/barreto,
%	year	= {2002},
%	author	= {Paulo S.L.M. Barreto and H. Y. Kim and B. Lynn and M. Scott},
%	title	= {{Efficient algorithms for pairing-based cryptosystems}},
%	booktitle = {CRYPTO 2002 \cite{2002/yung-crypto}},
%	pages	= {354--368},
%	note	= {\url{http://eprint.iacr.org/2002/008}},
%}
%
%@inproceedings{2004/scott,
%	year	= {2004},
%	author	= {Michael Scott and Paulo S.L.M. Barreto},
%	title	= {{Compressed Pairings}},
%	booktitle = {CRYPTO 2004 \cite{2004/franklin-crypto}},
%	pages	= {140--156},
%}
%
%@inproceedings{2009/belenkiy,
%	year	= {2009},
%	author	= {Mira Belenkiy and Jan Camenisch and Melissa Chase and
%                   Markulf Kohlweiss and Anna Lysyanskaya and Hovav Shacham},
%	title	= {{Randomizable Proofs and Delegatable Anonymous Credentials}},
%	booktitle = {CRYPTO 2009 \cite{2009/halevi-crypto2009}},
%	pages	= {108--125},
%	note	= {\url{http://research.microsoft.com/pubs/122759/anoncred.pdf}},
%}

@inproceedings{2016/KB,
	year	= {2016},
	author	= {Taechan Kim and Razvan Barbulescu},
	title	= {Extended Tower Number Field Sieve: {A} New Complexity for the Medium Prime Case},
	booktitle = {CRYPTO 2016~\cite{2016/crypto2016p1}},
	pages     = {543--571},
}

%
%%%%%%%%%%%%%%%%%%%%%%%%%%%%%%%%%%%%%%%%%%%%%%%%%%%
%
%% eurocrypt %
%@inproceedings{1994/rooij,
%	year	= {1995},
%	author	= {Peter de Rooij},
%	title	= {{Efficient exponentiation using precomputation and vector addition chains}},
%	booktitle = {Eurocrypt 1994 \cite{1994/santis-eurocrypt}},
%	pages	= {389--399},
%}

%	booktitle = {Eurocrypt 2002},
@inproceedings{2002/horwitz,
	year	= {2002},
	author	= {Jeremy Horwitz and Ben Lynn},
	title	= {{Toward Hierarchical Identity-Based Encryption}},
	booktitle = {Eurocrypt 2002 \cite{2002/knudsen-eurocrypt}},
	pages	= {466--481},
	note	= {\url{http://theory.stanford.edu/~horwitz/pubs/hibe.pdf}},
}
%
@inproceedings{2005/sahai,
	year	= {2005},
	author	= {Amit Sahai and Brent Waters},
	title	= {{Fuzzy Identity-Based Encryption}},
	booktitle = {Eurocrypt 2005~\cite{2005/cramer}},
	pages	= {457--473},
	note	= {\url{http://eprint.iacr.org/2004/086/}},
}
%
%@inproceedings{2011/aranha,
%	year	= {2011},
%	author	= {Diego F. Aranha and Koray Karabina and Patrick Longa and Catherine H. Gebotys and Julio L\'opez},
%	title	= {{Faster Explicit Formulas for Computing Pairings over Ordinary Curves}},
%	booktitle = {Eurocrypt 2011 {\cite{2011/paterson-eurocrypt}}},
%	pages	= {48--68},
%	note	= {\url{http://eprint.iacr.org/2010/526/}},
%}

@inproceedings{2015/BGGM,
	year	= {2015},
	author	= {Razvan Barbulescu and Pierrick Gaudry and Aurore Guillevic and Fran{\c{c}}ois Morain},
	title	= {Improving {NFS} for the Discrete Logarithm Problem in Non-prime Finite Fields},
	booktitle = {Eurocrypt 2015~\cite{2015/eurocrypt2015p1}},
	pages	= {129--155},
}

%
%%%%%%%%%%%%%%%%%%%%%%%%%%%%%%%%%%%%%%%%%%%%%%%%%%%
%
%% asiacrypt %
%	booktitle = {Asiacrypt 2002},
@inproceedings{2002/gentry,
	year	= {2002},
	author	= {Craig Gentry and Alice Silverberg},
	title	= {{Hierarchical ID-Based Cryptography}},
	booktitle = {Asiacrypt 2002 \cite{2002/zheng}},
	pages	= {548--566},
	note	= {\url{http://www.cs.ucdavis.edu/~franklin/ecs228/pubs/extra_pubs/hibe.pdf}},
}

%	booktitle = {Asiacrypt 2007},
@inproceedings{2007/bernstein-newelliptic,
	year	= {2007},
	author	= {Daniel J. Bernstein and Tanja Lange},
	title	= {{Faster addition and doubling on elliptic curves}},
	booktitle = {Asiacrypt 2007 \cite{2007/asia2007}},
	pages	= {29--50},
	note	= {\url{http://cr.yp.to/newelliptic/newelliptic-20070906.pdf}},
}
%
%@inproceedings{2010/groth,
%	year	= {2010},
%	author	= {Jens Groth},
%	title	= {{Short Pairing-Based Non-interactive Zero-Knowledge Arguments}},
%	booktitle = {Asiacrypt 2010 \cite{2010/abe-asiacrypt}},
%	pages	= {321--340},
%	note	= {\url{http://www.cs.ucl.ac.uk/staff/J.Groth/ShortNIZK.pdf}},
%}

@inproceedings{2015/BGK,
	year	= {2015},
	author	= {Razvan Barbulescu and Pierrick Gaudry and Thorsten Kleinjung},
	title	= {The Tower Number Field Sieve},
	booktitle = {Asiacrypt 2015~\cite{2015/asiacrypt2015p2}},
	pages	= {31--55},
}

%
%%%%%%%%%%%%%%%%%%%%%%%%%%%%%%%%%%%%%%%%%%%%%%%%%%%
%
%% ches %
%	booktitle = {CHES 2001},
@inproceedings{2001/joye,
	year	= {2001},
	author	= {Marc Joye and Jean-Jacques Quisquater},
	title	= {{Hessian elliptic curves and side-channel attacks}},
	booktitle = {CHES 2001 \cite{2001/koc-ches2001}},
	pages	= {402--410},
	note	= {\url{http://joye.site88.net/}},
}

%	booktitle = {CHES 2001},
@inproceedings{2001/smart,
	year	= {2001},
	author	= {Nigel P. Smart},
	title	= {{The Hessian form of an elliptic curve}},
	booktitle = {CHES 2001 \cite{2001/koc-ches2001}},
	pages	= {118--125},
}
%
%@inproceedings{2002/stam,
%	year	= {2002},
%	author	= {Martijn Stam and Arjen K. Lenstra},
%	title	= {{Efficient Subgroup Exponentiation in Quadratic and Sixth Degree Extensions}},
%	booktitle = {CHES 2002 \cite{2002/kaliski-ches2002}},
%	pages	= {318--332},
%}
%
%%%%%%%%%%%%%%%%%%%%%%%%%%%%%%%%%%%%%%%%%%%%%%%%%%%
%
%% latin %
%@inproceedings{2010/naehrig,
%	year	= {2010},
%	author	= {Michael Naehrig and Ruben Niederhagen and Peter Schwabe},
%	title	= {{New software speed records for cryptographic pairings}},
%	booktitle = {LATINCRYPT 2010 \cite{2010/abdalla-latin}},
%	pages	= {109--123},
%	note	= {updated version: \url{https://cryptojedi.org/papers/dclxvi-20100714.pdf}},
%}
%
%@inproceedings{2012/nacl,
%	year	= {2012},
%	author	= {Daniel J. Bernstein and Tanja Lange and Peter Schwabe},
%	title	= {{The security impact of a new cryptographic library}},
%	booktitle = {LATINCRYPT 2012 \cite{2012/hevia-latin}},
% 	pages	= {159--176},
%	note	= {\url{https://cryptojedi.org/papers/coolnacl-20120725.pdf}},
%}
%
%@inproceedings{2012/fouque,
%	year	= {2012},
%	author	= {Pierre{-}Alain Fouque and Mehdi Tibouchi},
%	title	= {{Indifferentiable Hashing to Barreto-Naehrig Curves}},
%	booktitle = {LATINCRYPT 2012 \cite{2012/hevia-latin}},
%	pages	= {1--17},
%	note	= {\url{www.di.ens.fr/~fouque/pub/latincrypt12.pdf}},
%}

%	booktitle = {{LATINCRYPT} 2015},
@inproceedings{2015/hessian,
	author	= {Daniel J. Bernstein and
			Chitchanok Chuengsatiansup and
			David Kohel and
			Tanja Lange},
	title	= {{Twisted Hessian Curves}},
	booktitle = {{LATINCRYPT} 2015 \cite{2015/latin}},
	pages	= {269--294},
	year	= {2015},
	note	= {\url{http://cr.yp.to/papers.html\#hessian}},
}
%
%%%%%%%%%%%%%%%%%%%%%%%%%%%%%%%%%%%%%%%%%%%%%%%%%%%
%
%% africa %
%@inproceedings{2008/bernstein-twisteded,
%	year	= {2008},
%	author	= {Daniel J. Bernstein and Peter Birkner and Marc Joye and Tanja Lange and Christiane Peters},
%	title	= {{Twisted {Edwards} Curves}},
%	booktitle = {Africacrypt \cite{2008/vaudenay-africa}},
%	pages	= {389--405},
%	note	= {\url{http://cr.yp.to/papers.html\#twisted}},
%}
%
%@inproceedings{2008/naehrig,
%	year	= {2008},
%	author	= {Michael Naehrig and Paulo S.L.M. Barreto and Peter Schwabe},
%	title	= {{On compressible pairings and their computation}},
%	booktitle = {Africacrypt 2009 \cite{2008/vaudenay-africa}},
%	pages	= {371--388},
%	note	= {\url{http://eprint.iacr.org/2007/429/}},
%}
%
%%%%%%%%%%%%%%%%%%%%%%%%%%%%%%%%%%%%%%%%%%%%%%%%%%%
%
%% indocrypt %
	booktitle = {{INDOCRYPT} 2008},
@inproceedings{2008/IonicaJoux08,
	year	= {2008},
	author	= {Sorina Ionica and Antoine Joux},
	title	= {Another Approach to Pairing Computation in Edwards Coordinates},
	booktitle = {{INDOCRYPT} 2008 \cite{2008/indo2008}},
	pages	= {400--413},
}
%
%%%%%%%%%%%%%%%%%%%%%%%%%%%%%%%%%%%%%%%%%%%%%%%%%%%
%
%% pairing %
%	booktitle = {Pairing-Based Cryptography - Pairing 2008, Second International Conference, Egham, UK, September 1-3, 2008. Proceedings},
@inproceedings{2008/kss,
	author	= {Ezekiel J. Kachisa and
			Edward F. Schaefer and
			Michael Scott},
	title	= {{Constructing Brezing-Weng Pairing-Friendly Elliptic Curves Using Elements in the Cyclotomic Field}},
	booktitle = {Pairing 2008~\cite{2008/pairing2008}},
	pages	= {126--135},
	year	= {2008},
}
%
%@inproceedings{2009/scott,
%	year	= {2009},
%	author	= {Michael Scott and Naomi Benger and Manuel Charlemagne and Luis J. Dominguez Perez and Ezekiel J. Kachisa},
%	title	= {{On the Final Exponentiation for Calculating Pairings on Ordinary Elliptic Curves}},
%	booktitle = {Pairing 2009 \cite{2009/shacham-pairing}},
%	pages	= {78--88},
%	note	= {\url{eprint.iacr.org/2008/490/}},
%}
%
%	booktitle = {Pairing 2009 \cite{2009/shacham-pairing}},
@inproceedings{2009/craig,
	year	= {2009},
	author	= {Craig Costello and
			H{\"{u}}seyin Hisil and
			Colin Boyd and
			Juan Manuel Gonz{\'{a}}lez Nieto and
			Kenneth Koon{-}Ho Wong},
	title	= {Faster Pairings on Special Weierstrass Curves},
	booktitle = {Pairing 2009~\cite{2009/shacham-pairing}},
	pages	= {89--101},
}
%
%@inproceedings{2010/beuchat,
%	year	= {2010},
%	author	= {Jean-Luc Beuchat and Jorge E. Gonz\'alez{ D\'iaz} and Shigeo Mitsunari and Eiji Okamoto and Francisco and Rodr\'iguez-Henr\'iquez and Tadanori Teruya},
%	title	= {{High-Speed Software Implementation of the Optimal Ate Pairing over {Barreto-Naehrig} Curves}},
%	booktitle = {Pairing 2010 \cite{2010/joye-pairing2010}},
%	pages	= {21--39},
%	note	= {\url{http://eprint.iacr.org/2010/354/}},
%}
%
%@inproceedings{2013/teruya,
%	year	= {2014},
%	author	= {Tadanori Teruya and Kazutaka Saito and Naoki Kanayama and Yuto Kawahara and Tetsutaro Kobayashi and Eiji Okamoto},
%	title	= {{Constructing Symmetric Pairings over Supersingular Elliptic Curves with Embedding Degree Three}},
%	booktitle = {Pairing 2013 \cite{2013/cao-pairing2013}},
%	pages	= {97--112},
%}
%
%@inproceedings{2013/zhang,
%	year	= {2014},
%	author	= {Xusheng Zhang and Kunpeng Wang},
%	title	= {{Fast Symmetric Pairing Revisited}},
%	booktitle = {Pairing 2013 \cite{2013/cao-pairing2013}},
%	pages	= {131--148},
%}
%
%%%%%%%%%%%%%%%%%%%%%%%%%%%%%%%%%%%%%%%%%%%%%%%%%%%
%
%% sac %
%	booktitle = {Selected Areas in Cryptography, 10th Annual International Workshop, {SAC} 2003, Ottawa, Canada, August 14-15, 2003, Revised Papers},
@inproceedings{2003/bls,
	author	= {Paulo S. L. M. Barreto and
			Ben Lynn and
			Michael Scott},
	title	= {{On the Selection of Pairing-Friendly Groups}},
	booktitle = {SAC 2003~\cite{2003/sac2003}},
	pages	= {17--25},
	year	= {2003},
}

@inproceedings{2006/barreto,
	year	= {2006},
	author	= {Paulo S.L.M. Barreto and Michael Naehrig},
	title	= {{Pairing-Friendly Elliptic Curves of Prime Order}},
	booktitle = {SAC 2005 \cite{2006/preneel-sac2005}},
	pages	= {319--331},
	note	= {\url{http://cryptosith.org/papers/pfcpo.pdf}},
}

%	booktitle = {SAC 2013},
@inproceedings{2013/bos-pairing,
	year	= {2013},
	author	= {Joppe W. Bos and Craig Costello and Michael Naehrig},
	title	= {{Exponentiating in Pairing Groups}},
	booktitle = {SAC 2013 \cite{2014/lange-sac2013}},
	note	= {\url{http://cryptosith.org/papers/\#exppair}},
}
%
%@inproceedings{2014/faruk,
%	year	= {2014},
%	author	= {Faruk G\"olo\u{g}lu and Robert Granger and Gary McGuire and Jens Zumbr\"agel},
%	title	= {{Solving a $6120$-bit {DLP} on a Desktop Computer}},
%	booktitle = {SAC 2013 \cite{2014/lange-sac2013}},
%	note	= {\url{http://eprint.iacr.org/2013/306}},
%}
%
%@inproceedings{2014/joux,
%	year	= {2013},
%	author	= {Antoine Joux},
%	title	= {{A new index calculus algorithm with complexity {$L(1/4+o(1))$} in very small characteristic}},
%	booktitle = {SAC 2013 \cite{2014/lange-sac2013}},
%	note	= {invited paper, \url{http://eprint.iacr.org/2013/095/}},
%}
%
%%%%%%%%%%%%%%%%%%%%%%%%%%%%%%%%%%%%%%%%%%%%%%%%%%%
%
%% ants %
%	booktitle = {ANTS-IV},
@inproceedings{2000/joux-ants,
	year	= {2000},
	author	= {Antoine Joux},
	title	= {{A One Round Protocol for Tripartite {D}iffie-{H}ellman}},
	booktitle = {ANTS-IV, \cite{2000/bosma-ants}},
	pages	= {385--393},
	note	= {\url{http://cgi.di.uoa.gr/~aggelos/crypto/page4/assets/joux-tripartite.pdf}},
}
%
%@inproceedings{2006/shallue,
%	year	= {2006},
%	author	= {Andrew Shallue and Christiaan van de Woestijne},
%	title	= {{Construction of Rational Points on Elliptic Curves over Finite Fields}},
%	booktitle = {ANTS-VII \cite{2006/hess-ants}},
%	pages     = {510--524},
%}
%
%%%%%%%%%%%%%%%%%%%%%%%%%%%%%%%%%%%%%%%%%%%%%%%%%%%
%
%% others %
%@inproceedings{2000/okinawa,
%	year	= {2000},
%	booktitle = {The 2000 Symposium on Cryptography and Information Security, Okinawa, Japan},
%}
%
%@inproceedings{2000/sakai,
%	author	= {Ryuichi Sakai and Kiyoshi Ohgishi and Masao Kasahara},
%	title	= {{Cryptosystems based on pairing}},
%	booktitle = {The 2000 Symposium on Cryptography and Information Security, \cite{2000/okinawa}},
%	pages	= {135--148},
%	year	= {2000},
%}
%
%@inproceedings{2001/oiso,
%	year	= {2001},
%	booktitle = {The 2001 Symposium on Cryptography and Information Security, Okinawa, Japan},
%}
%
%@inproceedings{2001/sakai,
%	author	= {Ryuichi Sakai and Kiyoshi Ohgishi and Masao Kasahara},
%	title	= {{Cryptosystems based on Pairing over Elliptic Curve (in {Japanese})}},
%	booktitle = {The 2001 Symposium on Cryptography and Information Security, \cite{2001/oiso}},
%	pages	= {23--26},
%	year	= {2001},
%}
%
%@inproceedings{2013/sanchez,
%	year	= {2013},
%	author	= {Ana Helena S\'anchez and Francisco Rodr\'iguez-Henr\'iquez},
%	title	= {{{NEON} Implementation of an Attribute-Based Encryption Scheme}},
%	booktitle = {ACNS 2013 \cite{2013/jacobson-acns}},
%	pages	= {322--338 },
%	note	= {\url{http://cacr.uwaterloo.ca/techreports/2013/cacr2013-07.pdf}},
%}
%
%@inproceedings{2011/scott,
%	year	= {2011},
%	author	= {Michael Scott},
%	title	= {{On the Efficient Implementation of Pairing-Based Protocols}},
%	booktitle = {Cryptography and Coding \cite{2011/chen}},
%	pages	= {296--308},
%	note	= {\url{http://eprint.iacr.org/2011/334/}},
%}
%
%@inproceedings{2006/osvik,
%	year	= {2006},
%	author	= {Dag Arne Osvik and Adi Shamir and Eran Tromer},
%	title	= {{Cache Attacks and Countermeasures: the Case of {AES}}},
%	booktitle = {CT-RSA 2006 \cite{2006/pointcheval}},
%	pages	= {1--20},
%	note	= {\url{http://eprint.iacr.org/2005/271/}},
%}
%
%	booktitle = {{ICISC} 2010 \cite{2010/icisc2010}},
@inproceedings{2010/Gu,
	year	= {2010},
	author	= {Haihua Gu and Dawu Gu and WenLu Xie},
	title	= {Efficient Pairing Computation on Elliptic Curves in Hessian Form},
	booktitle = {{ICISC} 2010},
	pages	= {169--176},
}
%
%@techreport{2009/ohgishi,
%	author	= {Kiyoshi Ohgishi and Ryuichi Sakai and Masao Kasahara},
%	title	= {{Notes on {ID}-based Key Sharing Systems over Elliptic Curve (in {Japanese})}},
%	institution = {IEICE},
%	number	= {ISEC99-57},
%	pages	= {37--42},
%	year	= {1999},
%}
%
@inproceedings{2010/CLN,
	author	= {Craig Costello and Tanja Lange and Michael Naehrig},
	title	= {Faster Pairing Computations on Curves with High-Degree Twists},
	booktitle = {PKC 2010},
	pages	= {224--242},
	year	= {2010},
}
%@inproceedings{2010/granger-cyclo,
%	year	= {2010},
%	author	= {Robert Granger and Michael Scott},
%	title	= {{Faster Squaring in the Cyclotomic Subgroup of Sixth Degree Extensions}},
%	booktitle = {PKC 2010 \cite{2010/pkc2010}},
%	pages	= {209--223},
%}
%
%@inproceedings{2013/parno,
%	year	= {2013},
%	author	= {Bryan Parno and Craig Gentry and Jon Howell and Mariana Raykova},
%	title	= {{Pinocchio: Nearly Practical Verifiable Computation}},
%	booktitle = {S\&P 2013 \cite{2013/-sp2013}},
%	pages	= {238--252},
%	note	= {\url{http://eprint.iacr.org/2013/279}},
%}
%
%	booktitle = {{WISA} 2012 \cite{2012/wisa2012}},
@inproceedings{2012/Li,
	year	= {2012},
	author	= {Liangze Li and Fan Zhang},
	title	= {Tate Pairing Computation on Generalized Hessian Curves},
	booktitle = {{WISA} 2012},
	pages	= {111--123},
}
%
%%%%%%%%%%%%%%%%%%%%%%%%%%%%%%%%%%%%%%%%%%%%%%%%%%%
